<record><leader>00000cas a2200000 a 4500</leader><controlfield tag="001">190774146</controlfield><controlfield tag="008">080111d19311970iluwn ne      0   a0eng c</controlfield><datafield ind1=" " ind2=" " tag="010"><subfield code="a">  2014271510</subfield></datafield><datafield ind1=" " ind2=" " tag="040"><subfield code="a">ICG</subfield><subfield code="c">ICG</subfield><subfield code="d">NVF</subfield><subfield code="d">OCLCO</subfield><subfield code="d">OCLCF</subfield><subfield code="d">NVF</subfield><subfield code="d">OCLCO</subfield></datafield><datafield ind1=" " ind2=" " tag="043"><subfield code="a">n-us-il</subfield></datafield><datafield ind1=" " ind2=" " tag="092"><subfield code="a">378.773</subfield><subfield code="b">S149 Q5</subfield></datafield><datafield ind1="0" ind2="0" tag="245"><subfield code="a">Procopian news.</subfield></datafield><datafield ind1=" " ind2=" " tag="260"><subfield code="a">Lisle, Ill. : St. Procopius College,</subfield><subfield code="c">1931-1970.</subfield></datafield><datafield ind1=" " ind2=" " tag="300"><subfield code="a">39 v. :</subfield><subfield code="b">ill. ;</subfield><subfield code="c">41-43 cm.</subfield></datafield><datafield ind1=" " ind2=" " tag="310"><subfield code="a">Weekly (during academic year),</subfield><subfield code="b">1950-1970.</subfield></datafield><datafield ind1=" " ind2=" " tag="321"><subfield code="a">Weekly (during academic year),</subfield><subfield code="b">Dec. 1, 1931-1942</subfield></datafield><datafield ind1=" " ind2=" " tag="321"><subfield code="a">Monthly (during academic year),</subfield><subfield code="b">1942-1945</subfield></datafield><datafield ind1=" " ind2=" " tag="321"><subfield code="a">Triweekly (during academic year),</subfield><subfield code="b">1945-1950</subfield></datafield><datafield ind1="0" ind2=" " tag="362"><subfield code="a">Vol. 1, no. 1 (Dec. 1, 1931)-</subfield></datafield><datafield ind1="1" ind2=" " tag="362"><subfield code="a">Ceased in 1970?</subfield></datafield><datafield ind1=" " ind2=" " tag="500"><subfield code="a">Previously classified as a periodical.</subfield></datafield><datafield ind1=" " ind2=" " tag="521"><subfield code="a">Student newspaper of: St. Procopius College, Lisle, Ill.</subfield></datafield><datafield ind1=" " ind2=" " tag="588"><subfield code="a">Latest issue consulted: Feb. 1945.</subfield></datafield><datafield ind1="2" ind2="0" tag="610"><subfield code="a">St. Procopius College (Lisle, Ill.)</subfield><subfield code="x">Students</subfield><subfield code="v">Newspapers.</subfield></datafield><datafield ind1=" " ind2="0" tag="650"><subfield code="a">Catholic universities and colleges</subfield><subfield code="z">Illinois</subfield><subfield code="z">Lisle</subfield><subfield code="v">Newspapers.</subfield></datafield><datafield ind1=" " ind2="0" tag="650"><subfield code="a">College student newspapers and periodicals</subfield><subfield code="z">Illinois</subfield><subfield code="z">Lisle.</subfield></datafield><datafield ind1="2" ind2="7" tag="610"><subfield code="a">St. Procopius College (Lisle, Ill.)</subfield><subfield code="2">fast</subfield><subfield code="0">(OCoLC)fst00750232</subfield></datafield><datafield ind1=" " ind2="7" tag="650"><subfield code="a">Catholic universities and colleges.</subfield><subfield code="2">fast</subfield><subfield code="0">(OCoLC)fst00849270</subfield></datafield><datafield ind1=" " ind2="7" tag="650"><subfield code="a">College student newspapers and periodicals.</subfield><subfield code="2">fast</subfield><subfield code="0">(OCoLC)fst00867966</subfield></datafield><datafield ind1=" " ind2="7" tag="650"><subfield code="a">Students.</subfield><subfield code="2">fast</subfield><subfield code="0">(OCoLC)fst01136041</subfield></datafield><datafield ind1=" " ind2="7" tag="651"><subfield code="a">Illinois</subfield><subfield code="z">Lisle.</subfield><subfield code="2">fast</subfield><subfield code="0">(OCoLC)fst01217709</subfield></datafield><datafield ind1=" " ind2="7" tag="655"><subfield code="a">Newspapers.</subfield><subfield code="2">fast</subfield><subfield code="0">(OCoLC)fst01423814</subfield></datafield><datafield ind1="2" ind2=" " tag="710"><subfield code="a">St. Procopius College (Lisle, Ill.).</subfield><subfield code="k">Newspapers.</subfield><subfield code="4">pbl</subfield></datafield><datafield ind1="0" ind2="0" tag="780"><subfield code="a">C.-S. student life</subfield><subfield code="w">(DLC)  2014271506</subfield><subfield code="w">(OCoLC)190773933</subfield></datafield><datafield ind1="0" ind2="0" tag="785"><subfield code="a">Procopian news : the new edition</subfield><subfield code="w">(DLC)  2014271511</subfield><subfield code="w">(OCoLC)190774210</subfield></datafield></record>